<record><leader>00000cas a22000007a 4500</leader><controlfield tag="001">12159344</controlfield><controlfield tag="008">850614d18541857wiuwr ne      0    0eng d</controlfield><datafield ind1=" " ind2=" " tag="010"><subfield code="a">sn 85040813 </subfield></datafield><datafield ind1=" " ind2=" " tag="040"><subfield code="a">NPV</subfield><subfield code="b">eng</subfield><subfield code="c">NPV</subfield><subfield code="d">OCLCQ</subfield></datafield><datafield ind1=" " ind2=" " tag="042"><subfield code="a">msc</subfield></datafield><datafield ind1=" " ind2=" " tag="045"><subfield code="a">w5w5</subfield></datafield><datafield ind1=" " ind2=" " tag="052"><subfield code="a">4123</subfield><subfield code="b">W2</subfield></datafield><datafield ind1="0" ind2=" " tag="130"><subfield code="a">Whitewater gazette (Whitewater, Wis. : 1854)</subfield></datafield><datafield ind1="1" ind2="0" tag="245"><subfield code="a">Whitewater gazette.</subfield></datafield><datafield ind1=" " ind2=" " tag="260"><subfield code="a">Whitewater, Walworth County, Wis. :</subfield><subfield code="b">H.J. Curtice,</subfield><subfield code="c">-1857.</subfield></datafield><datafield ind1=" " ind2=" " tag="300"><subfield code="a">v.</subfield></datafield><datafield ind1=" " ind2=" " tag="310"><subfield code="a">Weekly</subfield></datafield><datafield ind1="0" ind2=" " tag="362"><subfield code="a">-v. 3, no. 21 (Jan. 1, 1857).</subfield></datafield><datafield ind1="1" ind2=" " tag="362"><subfield code="a">Began with July 31, 1854 issue.</subfield><subfield code="z">Cf. Oehlerts, d. Guide to Wis. newspapers.</subfield></datafield><datafield ind1=" " ind2=" " tag="500"><subfield code="a">Publisher varies.</subfield></datafield><datafield ind1=" " ind2=" " tag="500"><subfield code="a">Editors: H.J. Curtice, &lt;Aug. 2&gt;-Dec. 6, 1855; J.A. Leonard, Dec. 13, 1855-Jan. 1, 1857.</subfield></datafield><datafield ind1=" " ind2=" " tag="530"><subfield code="a">Available on microfilm from The State Historical Society of Wisconsin.</subfield></datafield><datafield ind1=" " ind2=" " tag="588"><subfield code="a">Description based on: Vol. 1, no. 51 (Aug. 2, 1855).</subfield></datafield><datafield ind1=" " ind2=" " tag="752"><subfield code="a">United States</subfield><subfield code="b">Wisconsin</subfield><subfield code="c">Walworth</subfield><subfield code="d">Whitewater.</subfield></datafield><datafield ind1=" " ind2=" " tag="752"><subfield code="a">United States</subfield><subfield code="b">Wisconsin</subfield><subfield code="c">Jefferson</subfield><subfield code="d">Whitewater.</subfield></datafield></record>